% This file was created with JabRef 2.6.
% Encoding: ISO8859_1

@BOOK{Born2004,
  title = {The Born-Einstein Letters: Friendship, Politics and Physics in Uncertain
	Times},
  publisher = {Macmillan},
  year = {2004},
  author = {Max Born},
  note = {ISBN: 978-1403944962},
  owner = {gcross},
  timestamp = {2011.03.16}
}

@comment{jabref-meta: selector_publisher:}

@comment{jabref-meta: selector_author:}

@comment{jabref-meta: selector_journal:}

@comment{jabref-meta: selector_keywords:}

